<record xmlns='http://www.loc.gov/MARC21/slim'><leader>01286cim a22003372u 4500</leader><controlfield tag='001'>3600721</controlfield><controlfield tag='005'>20151214182659.0</controlfield><controlfield tag='007'>ss|lmnjluz|nuu</controlfield><controlfield tag='008'>991101s1985    nyunnn         l    eng d</controlfield><datafield ind1=' ' ind2=' ' tag='035'><subfield code='a'>(NIC)notisASF7786</subfield></datafield><datafield ind1=' ' ind2=' ' tag='035'><subfield code='a'>3600721</subfield></datafield><datafield ind1=' ' ind2=' ' tag='035'><subfield code='a'>(OCoLC)63896501</subfield></datafield><datafield ind1=' ' ind2=' ' tag='040'><subfield code='a'>NIC</subfield><subfield code='c'>NIC</subfield><subfield code='d'>NIC</subfield><subfield code='d'>NIC</subfield></datafield><datafield ind1='1' ind2=' ' tag='100'><subfield code='a'>Sheerman, Barry.</subfield></datafield><datafield ind1='1' ind2='0' tag='245'><subfield code='a'>Has the Labour Party a future in British politics?</subfield><subfield code='h'>[sound recording]</subfield></datafield><datafield ind1=' ' ind2=' ' tag='260'><subfield code='c'>1985.</subfield></datafield><datafield ind1=' ' ind2=' ' tag='300'><subfield code='a'>1 sound cassette (63 min.) :</subfield><subfield code='b'>analog, mono.</subfield></datafield><datafield ind1=' ' ind2=' ' tag='500'><subfield code='a'>Recorded in Ithaca, NY by Cornell University.</subfield></datafield><datafield ind1=' ' ind2=' ' tag='500'><subfield code='a'>Sponsored by: Western Societies Program.</subfield></datafield><datafield ind1=' ' ind2=' ' tag='500'><subfield code='a'>Speaker(s): Sheerman is a British politician.</subfield></datafield><datafield ind1=' ' ind2=' ' tag='518'><subfield code='a'>Lecture, February 19, 1985.</subfield></datafield><datafield ind1=' ' ind2=' ' tag='520'><subfield code='a'>Sheerman discusses the British parliament, its history as it relates to the Labour party, and its possibilities for the future.</subfield></datafield><datafield ind1=' ' ind2='0' tag='651'><subfield code='a'>Great Britain</subfield><subfield code='x'>Politics and government</subfield><subfield code='y'>1979-1997.</subfield></datafield><datafield ind1=' ' ind2='0' tag='650'><subfield code='a'>Political parties</subfield><subfield code='z'>Great Britain.</subfield></datafield><datafield ind1=' ' ind2='7' tag='648'><subfield code='a'>1979 - 1997</subfield><subfield code='2'>fast</subfield></datafield><datafield ind1=' ' ind2='7' tag='650'><subfield code='a'>Political parties</subfield><subfield code='2'>fast</subfield><subfield code='0'>(OCoLC)fst01069410</subfield></datafield><datafield ind1=' ' ind2='7' tag='650'><subfield code='a'>Political science</subfield><subfield code='2'>fast</subfield><subfield code='0'>(OCoLC)fst01069781</subfield></datafield><datafield ind1=' ' ind2='7' tag='651'><subfield code='a'>Great Britain</subfield><subfield code='2'>fast</subfield><subfield code='0'>(OCoLC)fst01204623</subfield></datafield><datafield ind1='1' ind2=' ' tag='899'><subfield code='a'>CULectures</subfield></datafield><datafield ind1=' ' ind2=' ' tag='905'><subfield code='a'>20000322120000.0</subfield></datafield><datafield ind1='2' ind2=' ' tag='948'><subfield code='a'>20141221</subfield><subfield code='b'>m</subfield><subfield code='d'>batch</subfield><subfield code='e'>lts</subfield><subfield code='x'>addfast</subfield></datafield></record>